
  <record>
    <leader>00000nam a2200000 i 4500</leader>
    <controlfield tag="001">NS205709</controlfield>
    <controlfield tag="008">170826s2014||||||||||||||||||||||||hrv|d</controlfield>
    <datafield tag="020" ind1=" " ind2=" ">
      <subfield code="a">9789537685584</subfield>
    </datafield>
    <datafield tag="039" ind1=" " ind2=" ">
      <subfield code="b">fu</subfield>
      <subfield code="b">alcoda</subfield>
    </datafield>
    <datafield tag="040" ind1=" " ind2=" ">
      <subfield code="a">Bibliomedia Solothurn</subfield>
      <subfield code="c">AlCoda</subfield>
    </datafield>
    <datafield tag="041" ind1=" " ind2=" ">
      <subfield code="a">hrv</subfield>
    </datafield>
    <datafield tag="090" ind1=" " ind2=" ">
      <subfield code="a">SIEG</subfield>
    </datafield>
    <datafield tag="100" ind1=" " ind2=" ">
      <subfield code="a">Siegner, Ingo</subfield>
      <subfield code="d">1965-</subfield>
      <subfield code="0">(DE-588)124189156</subfield>
      <subfield code="2">gnd</subfield>
    </datafield>
    <datafield tag="240" ind1=" " ind2="4">
      <subfield code="a">Der kleine Drache Kokosnuss und der Schatz im Dschungel</subfield>
    </datafield>
    <datafield tag="245" ind1="1" ind2="0">
      <subfield code="a">Zmajic Kokos i blago u dzungli /</subfield>
      <subfield code="c">Ingo Siegner</subfield>
    </datafield>
    <datafield tag="264" ind1=" " ind2=" ">
      <subfield code="a">[O.O.] :</subfield>
      <subfield code="b">Planet Zoe,</subfield>
      <subfield code="c">2014</subfield>
    </datafield>
    <datafield tag="336" ind1=" " ind2=" ">
      <subfield code="a">Text</subfield>
      <subfield code="b">txt</subfield>
      <subfield code="2">rdacontent</subfield>
      <subfield code="9">NetBiblio</subfield>
    </datafield>
    <datafield tag="337" ind1=" " ind2=" ">
      <subfield code="a">ohne Hilfsmittel zu benutzen</subfield>
      <subfield code="b">n</subfield>
      <subfield code="2">rdamedia</subfield>
      <subfield code="9">NetBiblio</subfield>
    </datafield>
    <datafield tag="338" ind1=" " ind2=" ">
      <subfield code="a">Band</subfield>
      <subfield code="b">nc</subfield>
      <subfield code="2">rdacarrier</subfield>
      <subfield code="9">NetBiblio</subfield>
    </datafield>
    <datafield tag="696" ind1=" " ind2=" ">
      <subfield code="a">Fabelwesen</subfield>
      <subfield code="0">(CH-001273-X)A81883</subfield>
    </datafield>
    <datafield tag="696" ind1=" " ind2=" ">
      <subfield code="a">Abenteuer</subfield>
      <subfield code="0">(CH-001273-X)A81858</subfield>
    </datafield>
    <datafield tag="696" ind1=" " ind2=" ">
      <subfield code="a">Phantasie</subfield>
      <subfield code="0">(CH-001273-X)A82007</subfield>
    </datafield>
    <datafield tag="954" ind1=" " ind2=" ">
                 <subfield code="a">BCD104166615</subfield>
                 <subfield code="j">ZBS KJ BM/SIEG</subfield>
                 <subfield code="9">LOCAL</subfield>
                 </datafield>
    <datafield tag="995" ind1=" " ind2=" ">
      <subfield code="a">kroa</subfield>
    </datafield>
    <datafield tag="998" ind1=" " ind2=" ">
      <subfield code="1">MediaType1Code: 10</subfield>
      <subfield code="1">MediaType2Code: 30</subfield>
      <subfield code="1">AgeCode: 83</subfield>
      <subfield code="1">BibliomediaCollectionNr: S56997</subfield>
    </datafield>
  </record>