
  <record>
    <leader>00000nam a2200000 i 4500</leader>
    <controlfield tag="001">NS191987</controlfield>
    <controlfield tag="008">170826s2012||||||||||||||||||||||||tur|d</controlfield>
    <datafield tag="020" ind1=" " ind2=" ">
      <subfield code="a">9789750822438</subfield>
    </datafield>
    <datafield tag="039" ind1=" " ind2=" ">
      <subfield code="b">fu</subfield>
      <subfield code="b">alcoda</subfield>
      <subfield code="b">WebOPAC</subfield>
      <subfield code="b">alcoda</subfield>
      <subfield code="b">alcoda2</subfield>
    </datafield>
    <datafield tag="040" ind1=" " ind2=" ">
      <subfield code="a">Bibliomedia Solothurn</subfield>
      <subfield code="c">AlCoda</subfield>
    </datafield>
    <datafield tag="041" ind1=" " ind2=" ">
      <subfield code="a">tur</subfield>
    </datafield>
    <datafield tag="090" ind1=" " ind2=" ">
      <subfield code="a">ADAL</subfield>
    </datafield>
    <datafield tag="100" ind1=" " ind2=" ">
      <subfield code="a">Adalı, Bilgin</subfield>
      <subfield code="d">1944-2012</subfield>
      <subfield code="0">(DE-588)133563839</subfield>
      <subfield code="2">gnd</subfield>
    </datafield>
    <datafield tag="245" ind1="1" ind2="0">
      <subfield code="a">Benekli /</subfield>
      <subfield code="c">Bilgin Adali ; Buket Topakglu Gencer</subfield>
    </datafield>
    <datafield tag="264" ind1=" " ind2=" ">
      <subfield code="a">Istanbul :</subfield>
      <subfield code="b">Yapi Kredi Yayinlari,</subfield>
      <subfield code="c">2012</subfield>
    </datafield>
    <datafield tag="336" ind1=" " ind2=" ">
      <subfield code="a">Text</subfield>
      <subfield code="b">txt</subfield>
      <subfield code="2">rdacontent</subfield>
      <subfield code="9">NetBiblio</subfield>
    </datafield>
    <datafield tag="337" ind1=" " ind2=" ">
      <subfield code="a">ohne Hilfsmittel zu benutzen</subfield>
      <subfield code="b">n</subfield>
      <subfield code="2">rdamedia</subfield>
      <subfield code="9">NetBiblio</subfield>
    </datafield>
    <datafield tag="338" ind1=" " ind2=" ">
      <subfield code="a">Band</subfield>
      <subfield code="b">nc</subfield>
      <subfield code="2">rdacarrier</subfield>
      <subfield code="9">NetBiblio</subfield>
    </datafield>
    <datafield tag="696" ind1=" " ind2=" ">
      <subfield code="a">Bilderbuch</subfield>
      <subfield code="0">(CH-001273-X)A81873</subfield>
    </datafield>
    <datafield tag="696" ind1=" " ind2=" ">
      <subfield code="a">Tier Hund</subfield>
      <subfield code="0">(CH-001273-X)A82290</subfield>
    </datafield>
    <datafield tag="696" ind1=" " ind2=" ">
      <subfield code="a">Familie</subfield>
      <subfield code="0">(CH-001273-X)A81884</subfield>
    </datafield>
    <datafield tag="700" ind1=" " ind2=" ">
      <subfield code="a">Gencer, Buket Topakglu</subfield>
      <subfield code="0">(CH-001273-X)A65701</subfield>
    </datafield>
    <datafield tag="899" ind1=" " ind2=" ">
      <subfield code="a">517460g8xcL</subfield>
      <subfield code="b">08</subfield>
      <subfield code="c">9750822439</subfield>
      <subfield code="d">.jpg</subfield>
    </datafield>
    <datafield tag="954" ind1=" " ind2=" ">
                 <subfield code="a">BCD103635661</subfield>
                 <subfield code="j">ZBS KJ BM/ADAL</subfield>
                 <subfield code="9">LOCAL</subfield>
                 </datafield>
    <datafield tag="995" ind1=" " ind2=" ">
      <subfield code="a">türk</subfield>
    </datafield>
    <datafield tag="998" ind1=" " ind2=" ">
      <subfield code="1">MediaType1Code: 10</subfield>
      <subfield code="1">MediaType2Code: 32</subfield>
      <subfield code="1">AgeCode: 83</subfield>
      <subfield code="1">BibliomediaCollectionNr: S56997</subfield>
    </datafield>
  </record>