
  <record>
    <leader>00000nam a2200000 i 4500</leader>
    <controlfield tag="001">NN020286</controlfield>
    <controlfield tag="008">191018s2019||||||||||||||||||||||||tur|d</controlfield>
    <datafield tag="020" ind1=" " ind2=" ">
      <subfield code="a">9789750844690</subfield>
    </datafield>
    <datafield tag="039" ind1=" " ind2=" ">
      <subfield code="b">II</subfield>
      <subfield code="b">alcoda</subfield>
    </datafield>
    <datafield tag="041" ind1=" " ind2=" ">
      <subfield code="a">tur</subfield>
      <subfield code="h">ger</subfield>
    </datafield>
    <datafield tag="100" ind1="1" ind2=" ">
      <subfield code="a">Janisch, Heinz</subfield>
      <subfield code="d">1960-</subfield>
      <subfield code="0">(DE-588)119466031</subfield>
    </datafield>
    <datafield tag="240" ind1=" " ind2="0">
      <subfield code="a">Ich hab ein kleines Problem, sagte der Bär</subfield>
    </datafield>
    <datafield tag="245" ind1="0" ind2="0">
      <subfield code="a">Küçük bir sorunum var dedi ayi /</subfield>
      <subfield code="c">Heinz Janisch; Silke Leffler</subfield>
    </datafield>
    <datafield tag="264" ind1=" " ind2="1">
      <subfield code="a">Istanbul :</subfield>
      <subfield code="b">Yapi Kredi Yayinlari,</subfield>
      <subfield code="c">2019</subfield>
    </datafield>
    <datafield tag="300" ind1=" " ind2=" ">
      <subfield code="a">[30] Seiten :</subfield>
      <subfield code="b">Ill.</subfield>
    </datafield>
    <datafield tag="336" ind1=" " ind2=" ">
      <subfield code="a">Text</subfield>
      <subfield code="b">txt</subfield>
      <subfield code="2">rdacontent</subfield>
      <subfield code="9">NetBiblio</subfield>
    </datafield>
    <datafield tag="337" ind1=" " ind2=" ">
      <subfield code="a">ohne Hilfsmittel zu benutzen</subfield>
      <subfield code="b">n</subfield>
      <subfield code="2">rdamedia</subfield>
      <subfield code="9">NetBiblio</subfield>
    </datafield>
    <datafield tag="338" ind1=" " ind2=" ">
      <subfield code="a">Band</subfield>
      <subfield code="b">nc</subfield>
      <subfield code="2">rdacarrier</subfield>
      <subfield code="9">NetBiblio</subfield>
    </datafield>
    <datafield tag="696" ind1=" " ind2=" ">
      <subfield code="a">Bilderbuch</subfield>
      <subfield code="0">(CH-001273-X)A81873</subfield>
    </datafield>
    <datafield tag="696" ind1=" " ind2=" ">
      <subfield code="a">Tier Bär</subfield>
      <subfield code="0">(CH-001273-X)A82221</subfield>
      <subfield code="2">bm</subfield>
    </datafield>
    <datafield tag="696" ind1=" " ind2=" ">
      <subfield code="a">Freundschaft</subfield>
      <subfield code="0">(CH-001273-X)A81888</subfield>
    </datafield>
    <datafield tag="700" ind1="1" ind2=" ">
      <subfield code="a">Leffler, Silke</subfield>
      <subfield code="d">1970-</subfield>
      <subfield code="e">(Illustrator)</subfield>
      <subfield code="0">(DE-588)13837614X</subfield>
    </datafield>
    <datafield tag="899" ind1=" " ind2=" ">
      <subfield code="a">41KgUL-4CBL</subfield>
      <subfield code="b">03</subfield>
      <subfield code="c">9750844696</subfield>
      <subfield code="d">.jpg</subfield>
    </datafield>
    <datafield tag="954" ind1=" " ind2=" ">
                 <subfield code="a">BCD104679566</subfield>
                 <subfield code="j">ZBS KJ BM/JANI</subfield>
                 <subfield code="9">LOCAL</subfield>
                 </datafield>
    <datafield tag="998" ind1=" " ind2=" ">
      <subfield code="1">MediaType1Code: 10</subfield>
      <subfield code="1">MediaType2Code: 32</subfield>
      <subfield code="1">AgeCode: 83</subfield>
      <subfield code="1">BibliomediaCollectionNr: S56997</subfield>
    </datafield>
  </record>